@article{wang2013integer,
  title={Integer-ordered simulation optimization using R-SPLINE: Retrospective search with piecewise-linear interpolation and neighborhood enumeration},
  author={Wang, Honggang and Pasupathy, Raghu and Schmeiser, Bruce W},
  journal={ACM Transactions on Modeling and Computer Simulation (TOMACS)},
  volume={23},
  number={3},
  pages={1--24},
  year={2013},
  publisher={ACM New York, NY, USA}
}

@article{burgess2024time,
  title={Time-Varying Capacity Planning for Designing Large-Scale Homeless Care Systems},
  author={Burgess, Graham and Singham, Dashi I and Rhodes-Leader, Luke},
  journal={Under Review},
  year={2024}
}

@article{osorio2015computationally,
  title={A computationally efficient simulation-based optimization algorithm for large-scale urban transportation problems},
  author={Osorio, Carolina and Chong, Linsen},
  journal={Transportation Science},
  volume={49},
  number={3},
  pages={623--636},
  year={2015},
  publisher={INFORMS}
}