@inproceedings{semelhago2017computational,
  title={Computational methods for optimization via simulation using gaussian markov random fields},
  author={Semelhago, Mark and Nelson, Barry L and W{\"a}chter, Andreas and Song, Eunhye},
  booktitle={2017 Winter Simulation Conference (WSC)},
  pages={2080--2091},
  year={2017},
  organization={IEEE}
}

@inproceedings{takahashi1973formation,
  title={Formation of sparse bus impedance matrix and its application to short circuit study},
  author={Takahashi, Kazuhiro},
  booktitle={Proc. PICA Conference, June, 1973},
  year={1973}
}

@article{vanhatalo2012modelling,
  title={Modelling local and global phenomena with sparse Gaussian processes},
  author={Vanhatalo, Jarno and Vehtari, Aki},
  journal={arXiv preprint arXiv:1206.3290},
  year={2012}
}