@inproceedings{kaya2022discrete,
  title={Discrete Event Simulation to Evaluate Shelter Capacity Expansion Options for LGBTQ+ Homeless Youth},
  author={Kaya, Yaren Bilge and Mantell, Sophia and Maass, Kayse Lee and Konrad, Renata and Trapp, Andrew C and Dimas, Geri L and Dank, Meredith},
  booktitle={2022 Winter Simulation Conference (WSC)},
  pages={1033--1044},
  year={2022},
  organization={IEEE}
}

@article{singham2023discrete,
  title={Discrete-event simulation modeling for housing of homeless populations},
  author={Singham, Dashi I and Lucky, Jennifer and Reinauer, Stephanie},
  journal={Plos one},
  volume={18},
  number={4},
  pages={e0284336},
  year={2023},
  publisher={Public Library of Science San Francisco, CA USA}
}

@article{wood2022supporting,
  title={Supporting {Covid-19} elective recovery through scalable wait list modelling: Specialty-level application to all hospitals in England},
  author={Wood, Richard M},
  journal={Health Care Management Science},
  volume={25},
  number={4},
  pages={521--525},
  year={2022},
  publisher={Springer}
}

@article{worthington1991hospital,
  title={Hospital waiting list management models},
  author={Worthington, David},
  journal={Journal of the Operational Research Society},
  volume={42},
  number={10},
  pages={833--843},
  year={1991},
  publisher={Taylor \& Francis}
}

@article{argyris2022fair,
  title={Fair resource allocation: Using welfare-based dominance constraints},
  author={Argyris, Nikolaos and Karsu, {\"O}zlem and Yavuz, Mirel},
  journal={European journal of operational research},
  volume={297},
  number={2},
  pages={560--578},
  year={2022},
  publisher={Elsevier}
}

@article{kaya2022improving,
  title={Improving access to housing and supportive services for runaway and homeless youth: Reducing vulnerability to human trafficking in New York City},
  author={Kaya, Yaren Bilge and Maass, Kayse Lee and Dimas, Geri L and Konrad, Renata and Trapp, Andrew C and Dank, Meredith},
  journal={IISE Transactions},
  pages={1--15},
  year={2022},
  publisher={Taylor \& Francis}
}

@article{wang2013integer,
  title={Integer-ordered simulation optimization using R-SPLINE: Retrospective search with piecewise-linear interpolation and neighborhood enumeration},
  author={Wang, Honggang and Pasupathy, Raghu and Schmeiser, Bruce W},
  journal={ACM Transactions on Modeling and Computer Simulation (TOMACS)},
  volume={23},
  number={3},
  pages={1--24},
  year={2013},
  publisher={ACM New York, NY, USA}
}

@article{lim2012stochastic,
  title={Stochastic approximation over multidimensional discrete sets with applications to inventory systems and admission control of queueing networks},
  author={Lim, Eunji},
  journal={ACM Transactions on Modeling and Computer Simulation (TOMACS)},
  volume={22},
  number={4},
  pages={1--23},
  year={2012},
  publisher={ACM New York, NY, USA}
}

@article{l2019gaussian,
  title={Gaussian Markov random fields for discrete optimization via simulation: Framework and algorithms},
  author={L. Salemi, Peter and Song, Eunhye and Nelson, Barry L and Staum, Jeremy},
  journal={Operations Research},
  volume={67},
  number={1},
  pages={250--266},
  year={2019},
  publisher={INFORMS}
}

@inproceedings{jian2015introduction,
  title={An introduction to simulation optimization},
  author={Jian, Nanjing and Henderson, Shane G},
  booktitle={2015 winter simulation conference (wsc)},
  pages={1780--1794},
  year={2015},
  organization={IEEE}
}

@article{xu2016mo2tos,
  title={Mo2tos: Multi-fidelity optimization with ordinal transformation and optimal sampling},
  author={Xu, Jie and Zhang, Si and Huang, Edward and Chen, Chun-Hung and Lee, Loo Hay and Celik, Nurcin},
  journal={Asia-Pacific Journal of Operational Research},
  volume={33},
  number={03},
  pages={1650017},
  year={2016},
  publisher={World Scientific}
}

@article{chong2018simulation,
  title={A simulation-based optimization algorithm for dynamic large-scale urban transportation problems},
  author={Chong, Linsen and Osorio, Carolina},
  journal={Transportation Science},
  volume={52},
  number={3},
  pages={637--656},
  year={2018},
  publisher={INFORMS}
}

@article{huang2006sequential,
  title={Sequential kriging optimization using multiple-fidelity evaluations},
  author={Huang, Deng and Allen, Theodore T and Notz, William I and Miller, R Allen},
  journal={Structural and Multidisciplinary Optimization},
  volume={32},
  pages={369--382},
  year={2006},
  publisher={Springer}
}

@unpublished{hometogether2022,
	author = {{Alameda County}},
	date-added = {2024-06-02 12:48:36 -0700},
	date-modified = {2024-06-02 12:52:32 -0700},
	month = {April},
	title = {{Home Together 2026 Community Plan: A 5-year Strategic Framework Centering Racial Equity to End Homelessness in Alameda County}},
	year = {2022}}