@inproceedings{kaya2022discrete,
  title={Discrete Event Simulation to Evaluate Shelter Capacity Expansion Options for LGBTQ+ Homeless Youth},
  author={Kaya, Yaren Bilge and Mantell, Sophia and Maass, Kayse Lee and Konrad, Renata and Trapp, Andrew C and Dimas, Geri L and Dank, Meredith},
  booktitle={2022 Winter Simulation Conference (WSC)},
  pages={1033--1044},
  year={2022},
  organization={IEEE}
}