@article{luo2013simulation,
  title={Simulation-based optimization over discrete sets with noisy constraints},
  author={Luo, Yao and Lim, Eunji},
  journal={IIE Transactions},
  volume={45},
  number={7},
  pages={699--715},
  year={2013},
  publisher={Taylor \& Francis}
}

@article{wang2013integer,
  title={Integer-ordered simulation optimization using R-SPLINE: Retrospective search with piecewise-linear interpolation and neighborhood enumeration},
  author={Wang, Honggang and Pasupathy, Raghu and Schmeiser, Bruce W},
  journal={ACM Transactions on Modeling and Computer Simulation (TOMACS)},
  volume={23},
  number={3},
  pages={1--24},
  year={2013},
  publisher={ACM New York, NY, USA}
}

@article{hong2006discrete,
  title={Discrete optimization via simulation using COMPASS},
  author={Hong, L Jeff and Nelson, Barry L},
  journal={Operations research},
  volume={54},
  number={1},
  pages={115--129},
  year={2006},
  publisher={INFORMS}
}

@article{lim2012stochastic,
  title={Stochastic approximation over multidimensional discrete sets with applications to inventory systems and admission control of queueing networks},
  author={Lim, Eunji},
  journal={ACM Transactions on Modeling and Computer Simulation (TOMACS)},
  volume={22},
  number={4},
  pages={1--23},
  year={2012},
  publisher={ACM New York, NY, USA}
}

@article{ragavan2022adaptive,
  title={Adaptive Sampling line search for local stochastic optimization with integer variables},
  author={Ragavan, Prasanna K and Hunter, Susan R and Pasupathy, Raghu and Taaffe, Michael R},
  journal={Mathematical Programming},
  volume={196},
  number={1-2},
  pages={775--804},
  year={2022},
  publisher={Springer}
}
